
@article{RiscanevoEspitia,
	abstract = {This document describes the process of design and assembly of a system that combines an electronic circuit with electromechanical relays to switch the connection between the 3 phases that feed 3 single-phase load circuits with resistors in parallel. The module was designed as a system with 3 stages: control, switching and current sensors. A fourth communication stage can be inferred from the fact that the module can be connected both by USB protocol and BLUETOOTH. This work also reports the first advance in the development of the project DESIGN OF AN ANDROID APPLICATION FOR THE MONITORING AND REMOTE CONTROL OF AN INTEGRATED SENSOR NETWORK, which main objective is to implement a program at the mobile application level to facilitate the balance of charges in three-phase networks through remote monitoring.},
	author = {{Riscanevo Espit{\'{i}}a}, Diana and {Bellon Hern{\'{a}}ndez}, Oscar and {Amezquita Becerra}, Germ{\'{a}}n},
	file = {:C$\backslash$:/Users/57305/Documents/Anteproyecto/base de datos/Dialnet-ModuloElectromecanicoParaBalanceoDeCargasEnLineasT-6881770.pdf:pdf},
	keywords = {balance de cargas,conmutaci{\'{o}}n de fases},
	mendeley-groups = {tesis},
	title = {{Electromechanical module for balancing of loads in three-phase lines through a sensor network}}
}
@article{Taylor2005,
	author = {Taylor, C.W. and Erickson, D.C. and Martin, K.E. and Wilson, R.E.},
	file = {:C$\backslash$:/Users/57305/Documents/Anteproyecto/base de datos/WACS - Carson.pdf:pdf},
	journal = {R{\&}D and on-line demonstration. Proc. IEEE Special Issue Energy Infrastruct},
	keywords = {blackout prevention,emergency control,measurements,phasor,power system stability,stability,unstable limit cycle,voltage,wide-area measurements and control},
	mendeley-groups = {tesis},
	number = {5},
	pages = {892--906},
	title = {{WACS wide-area stability and voltage control system}},
	volume = {93},
	year = {2005}
}
@article{UPME2016,
	abstract = {Antecedentes y Marco Conceptual del An{\'{a}}lisis, Evaluaci{\'{o}}n y Recomendaciones para la Implementaci{\'{o}}n de Redes Inteligentes en Colombia Abril},
	archivePrefix = {arXiv},
	arxivId = {arXiv:1011.1669v3},
	author = {UPME and {Banco Interamericano de Desarrollo} and {Ministerio de Minas y Energ{\'{i}}a} and {Ministerio de Tecnolog{\'{i}}as de la Informaci{\'{o}}n y Comunicaciones}},
	eprint = {arXiv:1011.1669v3},
	file = {:C$\backslash$:/Users/57305/Documents/Anteproyecto/base de datos/4{\_}Parte4{\_}Anexo7{\_}Proyecto{\_}SmartGrids.pdf:pdf},
	isbn = {9788578110796},
	issn = {1098-6596},
	journal = {Smart Grids Colombia visi{\'{o}}n 2030},
	mendeley-groups = {tesis},
	pages = {17},
	pmid = {25246403},
	title = {{Estudio: Smart Grids Colombia Visi{\'{o}}n 2030 - Mapa de ruta para la implementaci{\'{o}}n de redes inteligentes en Colombia}},
	url = {http://www.upme.gov.co/Estudios/2016/SmartGrids2030/4{\_}Parte4{\_}Anexo7{\_}Proyecto{\_}SmartGrids.pdf},
	volume = {7},
	year = {2016}
}
@article{UPME2016,
	author = {UPME and {Banco Interamericano de Desarrollo} and {Ministerio de Minas y Energ{\'{i}}a} and {Ministerio de Tecnolog{\'{i}}as de la Informaci{\'{o}}n y Comunicaciones}},
	file = {:C$\backslash$:/Users/57305/Documents/Anteproyecto/base de datos/2{\_}Parte2{\_}Proyecto{\_}BID{\_}Smart{\_}Grids.pdf:pdf},
	journal = {Smart Grids Colombia visi{\'{o}}n 2030},
	mendeley-groups = {tesis,tesis/ruta 2030},
	number = {Componente I},
	pages = {175},
	title = {{Smart Grids Colombia Visi{\'{o}}n 2030 Parte II, Mapa de Ruta: Construcci{\'{o}}n y Resultados (Componente I)}},
	url = {http://www.upme.gov.co/Estudios/2016/SmartGrids2030/2{\_}Parte2{\_}Proyecto{\_}BID{\_}Smart{\_}Grids.pdf},
	volume = {2},
	year = {2016}
}

@misc{pag1,
	mendeley-groups = {tesis},
	title = {{Smart Grids Colombia Visi{\'{o}}n 2030 - Mapa de ruta para la implementaci{\'{o}}n de redes inteligentes en Colombia - Cluster de Energ{\'{i}}a El{\'{e}}ctrica, C{\'{a}}mara de Comercio de Bogot{\'{a}}}},
	url = {https://www.ccb.org.co/Clusters/Cluster-de-Energia-Electrica/Noticias/2016/Junio-2016/Smart-Grids-Colombia-Vision-2030-Mapa-de-ruta-para-la-implementacion-de-redes-inteligentes-en-Colombia},
	urldate = {2020-12-12}
}
@article{UPMEii2016,
	author = {UPME and {Banco Interamericano de Desarrollo} and {Ministerio de Minas y Energ{\'{i}}a} and {Ministerio de Tecnolog{\'{i}}as de la Informaci{\'{o}}n y Comunicaciones}},
	file = {:C$\backslash$:/Users/57305/Documents/Anteproyecto/base de datos/2{\_}Parte2{\_}Proyecto{\_}BID{\_}Smart{\_}Grids.pdf:pdf},
	journal = {Smart Grids Colombia visi{\'{o}}n 2030},
	mendeley-groups = {tesis},
	number = {Componente I},
	pages = {175},
	title = {{Smart Grids Colombia Visi{\'{o}}n 2030 Parte II, Mapa de Ruta: Construcci{\'{o}}n y Resultados (Componente I)}},
	url = {http://www.upme.gov.co/Estudios/2016/SmartGrids2030/2{\_}Parte2{\_}Proyecto{\_}BID{\_}Smart{\_}Grids.pdf},
	volume = {2},
	year = {2016}
}
@article{BancoInteramericanodeDesarrollo2016,
	abstract = {1. Los planteamientos y propuestas presentados en este documento son los resultados del an{\'{a}}lisis y elaboraci{\'{o}}n del Estudio desarrollado por el Equipo de Trabajo en el marco de la Cooperaci{\'{o}}n T{\'{e}}cnica ATN-KK-14254-CO (CO-T1337) con el aporte de fondos provenientes del Fondo Coreano para Tecnolog{\'{i}}a e Innovaci{\'{o}}n a trav{\'{e}}s del Banco Interamericano de Desarrollo –BID–. Estos planteamientos y propuestas no representan ni comprometen la posici{\'{o}}n y planteamientos de las entidades oficiales del Gobierno Colombiano participantes. 2. Los an{\'{a}}lisis realizados en el desarrollo de la Cooperaci{\'{o}}n T{\'{e}}cnica consideraron la informaci{\'{o}}n disponible hasta el mes de diciembre del a{\~{n}}o 2015, fecha en la cual finaliz{\'{o}} de manera oficial el trabajo realizado durante esta cooperaci{\'{o}}n. Smart},
	author = {{Banco Interamericano de Desarrollo}},
	file = {:C$\backslash$:/Users/57305/Documents/Anteproyecto/base de datos/3{\_}Parte3B{\_}Proyecto{\_}BID{\_}Smart{\_}Grids.pdf:pdf},
	mendeley-groups = {tesis},
	pages = {94},
	title = {{Parte III Pol{\'{i}}tica y Regulaci{\'{o}}n Smart Grids Colombia VISI{\'{O}}N 2030}},
	year = {2016}
}
@article{Quintana2012,
	author = {Quintana, Blas Morales},
	file = {:C$\backslash$:/Users/57305/Documents/Anteproyecto/base de datos/0063151.pdf:pdf},
	mendeley-groups = {tesis},
	title = {{Estado Del Arte De Las Redes Inteligentes “Smart Grid”}},
	url = {http://biblioteca.unitecnologica.edu.co/notas/tesis/0063151.pdf},
	year = {2012}
}
@article{2554,
	abstract = {A nivel mundial, en los {\'{u}}ltimos a{\~{n}}os se ha iniciado una revoluci{\'{o}}n en el sector de la energ{\'{i}}a, especialmente en el subsector de electricidad, con la introducci{\'{o}}n del concepto de redes el{\'{e}}ctricas inteligentes, conocidas como “Smart Grids”. Estas empiezan a transformar radicalmente la forma de producir, distribuir, comercializar y consumir energ{\'{i}}a. La reducci{\'{o}}n del consumo, el control del uso de fuentes energ{\'{e}}ticas contaminantes, la participaci{\'{o}}n de los usuarios y la integraci{\'{o}}n de energ{\'{i}}as renovables no convencionales son algunos de los factores m{\'{a}}s importantes de las redes inteligentes.},
	author = {{Dr. Juan Manuel Gers}},
	file = {:C$\backslash$:/Users/57305/Documents/Anteproyecto/base de datos/13-1-48-2-10-20180518.pdf:pdf},
	journal = {enerLAC},
	mendeley-groups = {tesis},
	pages = {24--41},
	title = {{AM{\'{E}}RICA LATINA Y EL CARIBE: ESTADO DEL ARTE DE LAS REDES EL{\'{E}}CTRICAS INTELIGENTES}},
	url = {http://library1.nida.ac.th/termpaper6/sd/2554/19755.pdf},
	volume = {ENERLAC. V}
}

@article{Bucher2018,
	abstract = {The energy challenges the world is facing will fundamentally change the electricity supply infrastructure. The basic architecture of the primary grids has been developed to meet the needs of large and predominantly carbon-based or nuclear generation technologies. The transition towards a more sustainable electricity supply requires a flexible and smarter power infrastructure, prepared to cope with the massive growth of renewable generation and the correlated higher complexity and dynamics. As most smart grid initiatives today only cover the low and medium voltage levels, the present contribution highlights the technological advancements taking place in the field of high voltage transmission. The described Digital Substation 2.0 concept represents a smart grid enabling technology necessary for a power infrastructure based on bulk renewable infeed.},
	author = {Bucher, R.},
	doi = {10.1109/SASG.2017.8356487},
	file = {:C$\backslash$:/Users/57305/Documents/Anteproyecto/base de datos/bucher2017.pdf:pdf},
	isbn = {9781538618769},
	journal = {2017 Saudi Arabia Smart Grid Conference, SASG 2017},
	keywords = {Automated grid control,Digital substation,High voltage transmission,Smart grid,Wide area monitoring},
	mendeley-groups = {tesis},
	pages = {1--4},
	title = {{Smart grid functionality for the high-voltage transmission grid: On the market readiness of Digital Substation 2.0 technology}},
	year = {2018}
}
@article{PeraltaSevilla2013,
	abstract = {Revista Educaci{\'{o}}n en Ingenier{\'{i}}a},
	author = {{Peralta Sevilla}, Arturo G. and {Amata Fern{\'{a}}ndez}, Ferney},
	file = {:C$\backslash$:/Users/57305/Documents/Anteproyecto/base de datos/285-Texto del art{\'{i}}culo-1050-1-10-20130621.pdf:pdf},
	issn = {1900-8260},
	journal = {Revista Educaci{\'{o}}n en Ingenier{\'{i}}a},
	keywords = {Peralta2013},
	mendeley-groups = {tesis},
	pages = {1--14},
	title = {{Evoluci{\'{o}}n de las Redes El{\'{e}}ctricas hacia Smart Grid en Pa{\'{i}}ses de la Regi{\'{o}}n Andina}},
	volume = {8},
	year = {2013}
}
@article{Nist2014,
	abstract = {A 21 st century clean energy economy demands a 21 st century electric grid. Much of the traditional electricity infrastructure has changed little from the design and form of the electric grid as envisioned by Thomas Edison and George Westinghouse at the end of the 19 th century. Congress and the Administration have outlined a vision for the Smart Grid and have laid the policy foundation upon which it is being built. The Energy Independence and Security Act of 2007 (EISA) made it the policy of the United States to modernize the nations electricity transmission and distribution system to create a smart electric grid. 1 The American Recovery and Reinvestment Act of 2009 (ARRA) accelerated the development of Smart Grid technologies, investing {\$}4.5 billion for electricity delivery and energy reliability activities to modernize the electric grid and implement demonstration and deployment programs (as authorized under Title XIII of EISA). 2 President Obama, in his State of the Union Address, reiterated his vision for a clean energy economy, 3 and he underscored the Administrations commitment in the Blueprint for a Secure Energy Future. 4 In June 2011, the White House released a report by the Cabinetlevel National Science and Technology Council (NSTC) entitled A Policy Framework for the 21st Century Grid: Enabling Our Secure Energy Future. 5 The critical role of standards for the Smart Grid is spelled out in EISA and in the June 2011 NSTC report, which advocates the development and adoption of standards to ensure that todays investments in the Smart Grid remain valuable in the future; to catalyze innovations; to support consumer choice; to create economies of scale to reduce costs; to highlight best practices; and to open global markets for Smart Grid devices and systems.},
	author = {Nist and Publication, Nist Special and {National Institute of Standards and Technology}},
	file = {:C$\backslash$:/Users/57305/Documents/Anteproyecto/base de datos/Draft-NIST-SG-Framework-3.pdf:pdf},
	isbn = {9781457721595},
	journal = {Nist Special Publication},
	mendeley-groups = {tesis},
	pages = {1--90},
	title = {{NIST Special Publication 1108 NIST Framework and Roadmap for Smart Grid Interoperability Standards}},
	url = {http://www.nist.gov/public{\_}affairs/releases/upload/smartgrid{\_}interoperability{\_}final.pdf},
	volume = {0},
	year = {2014}
}
@article{Leader2010,
	author = {Leader, Global},
	file = {:C$\backslash$:/Users/57305/Documents/Anteproyecto/base de datos/sgridprintjan14web.pdf:pdf},
	mendeley-groups = {tesis},
	number = {January},
	pages = {1--19},
	title = {{Smart Grid Standards Smart Grid}},
	year = {2010}
}

@article{CEPAL2004,
	abstract = {Este documento ha sido preparado en el marco del proyecto conjunto con la Agencia de Cooperaci{\'{o}}n T{\'{e}}cnica Alemana (GTZ): “Promoci{\'{o}}n del Desarrollo Econ{\'{o}}mico por medio de la Integraci{\'{o}}n de Enfoques de Pol{\'{i}}ticas Ambientales y Sociales en Am{\'{e}}rica Latina y el Caribe”. Ser{\'{a}} sometido a la consideraci{\'{o}}n de las delegaciones participantes en la Conferencia Internacional sobre Fuentes de Energ{\'{i}}as Renovables, que se celebrar{\'{a}} en Bonn, Alemania, en junio de 2004. Ha sido dirigido y coordinado por Hugo Altomonte, Jefe de la Unidad Recursos Naturales y Energ{\'{i}}a, Manlio Coviello, Experto en Energ{\'{i}}a de la CEPAL y Fernando Cuevas, Jefe de la Unidad de Energ{\'{i}}a, CEPAL/M{\'{e}}xico, con la revisi{\'{o}}n de Fernando S{\'{a}}nchez-Albavera, Director de la Divisi{\'{o}}n Recursos Naturales e Infraestructura y con la participaci{\'{o}}n de Jos{\'{e}} Javier G{\'{o}}mez, Oficial para Asuntos Econ{\'{o}}micos de la Divisi{\'{o}}n de Desarrollo Sostenible y Asentamientos Humanos de la CEPAL. El trabajo ha sido posible gracias al apoyo t{\'{e}}cnico de V{\'{i}}ctor Hugo Ventura, Oficial para Asuntos Econ{\'{o}}micos de la CEPAL/M{\'{e}}xico y a los aportes sustantivos de los siguientes especialistas internacionales: Luiz Augusto Horta Nogueira, Od{\'{o}}n de Buen, Thomas Scheutzlich, Ricardo Esparta, Oswaldo Lucon y Alexandre Uhlig. La direcci{\'{o}}n del proyecto agradece al Ministerio de Cooperaci{\'{o}}n Alem{\'{a}}n (BMZ) su contribuci{\'{o}}n para la realizaci{\'{o}}n de este trabajo. Las opiniones expresadas en este documento son de exclusiva responsabilidad de los autores y no comprometen a las instituciones involucradas.},
	author = {CEPAL},
	file = {:C$\backslash$:/Users/57305/Documents/Anteproyecto/base de datos/S0400009{\_}es.pdf:pdf},
	journal = {Cepal},
	mendeley-groups = {tesis},
	pages = {159},
	title = {{Fuentes renovables de energ{\'{i}}a en am{\'{e}}rica latina y el caribe. Situaci{\'{o}}n y propuestas de pol{\'{i}}ticas}},
	url = {https://www.cepal.org/publicaciones/xml/9/14839/lcl2132e.pdf},
	year = {2004}
}
@article{UPME2015,
	abstract = {En este documento se presentan algunas ideas sobre el desarrollo futuro del sector energ{\'{e}}tico colombiano que pueden servir de base para la elaboraci{\'{o}}n e implementaci{\'{o}}n de una pol{\'{i}}tica energ{\'{e}}tica. El documento hace las veces de un Plan Energ{\'{e}}tico Nacional, 2014 – 2050, pero sin tener estructurados los mapas de ruta para los objetivos propuestos. Esto deber{\'{a}} hacerse en asocio con el Ministerio de Minas y Energ{\'{i}}a. De esta manera, hemos encontrado conveniente denominarlo Colombia: Ideario Energ{\'{e}}tico 2015, pues en {\'{e}}l se se{\~{n}}alan pautas y l{\'{i}}neas de acci{\'{o}}n recomendables.},
	author = {UPME},
	file = {:C$\backslash$:/Users/57305/Documents/Anteproyecto/base de datos/pen{\_}idearioenergetico2050.pdf:pdf},
	journal = {Unidad de Planeaci{\'{o}}n Minero Energ{\'{e}}tica, Republica de Colombia},
	mendeley-groups = {tesis},
	pages = {184},
	title = {{Plan Energetico Nacional Colombia: Ideario Energ{\'{e}}tico 2050}},
	url = {http://www.upme.gov.co/Docs/PEN/PEN{\_}IdearioEnergetico2050.pdf},
	year = {2015}
}
@book{UnidaddePlaneacionMineroEnergetica2015,
	abstract = {El Convenio de cooperaci{\'{o}}n t{\'{e}}cnica no reembolsable ATN/FM-12825-CO, financiado con recursos del Fondo para el Medio Ambiente Mundial –FMAM–1 a trav{\'{e}}s del Banco Interamericano de Desarrollo –BID–, fue firmado en el mes de noviembre de 2011 entre el Ministerio de Minas y Energ{\'{i}}a de la Rep{\'{u}}blica de Colombia –MME– y el BID. El Convenio fue estructurado con el objeto de desarrollar actividades, an{\'{a}}lisis y propuestas para promover condiciones propicias para la penetraci{\'{o}}n de las Fuentes no convencionales de energ{\'{i}}a renovable –FNCER–, a trav{\'{e}}s de la identificaci{\'{o}}n de las principales barreras existentes a nivel nacional y la determinaci{\'{o}}n de potenciales medidas normativas y de pol{\'{i}}tica, recomendaciones y acciones como elementos de una estrategia de desarrollo de estas fuentes en Colombia. Complementariamente, ISAGEN desarroll{\'{o}} trabajos t{\'{e}}cnicos espec{\'{i}}ficos en el campo de energ{\'{i}}a geot{\'{e}}rmica en el marco de esta misma cooperaci{\'{o}}n t{\'{e}}cnica.},
	author = {{Unidad de Planeaci{\'{o}}n Minero Energ{\'{e}}tica}},
	booktitle = {Unidad de Planeaci{\'{o}}n Minero Energ{\'{e}}tica},
	file = {:C$\backslash$:/Users/57305/Documents/Anteproyecto/base de datos/INTEGRACION{\_}ENERGIAS{\_}RENOVANLES{\_}WEB.pdf:pdf},
	isbn = {978-958-8363-26-4},
	mendeley-groups = {tesis},
	pages = {370},
	title = {{Integraci{\'{o}}n de las Energ{\'{i}}as Renovables No Convencionales en Colombia}},
	url = {http://www1.upme.gov.co/DemandaEnergetica/INTEGRACION{\_}ENERGIAS{\_}RENOVANLES{\_}WEB.pdf},
	year = {2015}
}
@article{Mej2018,
	author = {Mej, Diego},
	file = {:C$\backslash$:/Users/57305/Documents/Anteproyecto/base de datos/130-Article Text-417-1-10-20200810.pdf:pdf},
	keywords = {control inteligente,interconexi{\'{o}}n,redes inteligentes,s,smart grid},
	mendeley-groups = {tesis},
	number = {2},
	pages = {49--67},
	title = {{Sistema de control inteligente para la interconexi{\'{o}}n y gesti{\'{o}}n de la energ{\'{i}}a en Smart Grid.}},
	volume = {2},
	year = {2018}
}
@article{2030HojadeRuta,
	file = {:C$\backslash$:/Users/57305/Documents/Anteproyecto/base de datos/ASOCODIS XIII Jornada de Distribuci{\'{o}}n de Energ{\'{i}}a El{\'{e}}ctrica. Smart Grids Colombia, Visi{\'{o}}n 2030 Hoja de Ruta.pdf:pdf},
	mendeley-groups = {tesis},
	title = {{Smart Grids Colombia, Visi{\'{o}}n 2030 Hoja de Ruta}},
	year = {2016}
}
@article{colombiainteligente.org,
author = {{Ruiz A}, Maria E},
file = {:C$\backslash$:/Users/57305/Documents/Anteproyecto/base de datos/05{\_}maria{\_}e.{\_}ruiz{\_}.pdf:pdf},
journal = {Colombia Inteligente},
mendeley-groups = {tesis},
title = {{Seminario TIC y desarrollo sostenible en Am{\'{e}}rica Latina y el Caribe : experiencias e iniciativas de pol{\'{i}}tica . Este seminario preguntas : busca responder a las siguientes}},
year = {2012}
}
@article{DepartamentoNacionaldePlaneacion2017,
	abstract = {This paper proposes a novel algorithm for multiview stereopsis that outputs a dense set of small rectangular patches covering the surfaces visible in the images. Stereopsis is implemented as a match, expand, and filter procedure, starting from a sparse set of matched keypoints, and repeatedly expanding these before using visibility constraints to filter away false matches. The keys to the performance of the proposed algorithm are effective techniques for enforcing local photometric consistency and global visibility constraints. Simple but effective methods are also proposed to turn the resulting patch model into a mesh which can be further refined by an algorithm that enforces both photometric consistency and regularization constraints. The proposed approach automatically detects and discards outliers and obstacles and does not require any initialization in the form of a visual hull, a bounding box, or valid depth ranges. We have tested our algorithm on various data sets including objects with fine surface details, deep concavities, and thin structures, outdoor scenes observed from a restricted set of viewpoints, and "crowded" scenes where moving obstacles appear in front of a static structure of interest. A quantitative evaluation on the Middlebury benchmark shows that the proposed method outperforms all others submitted so far for four out of the six data sets.},
	author = {{Departamento Nacional de Planeaci{\'{o}}n}},
	file = {:C$\backslash$:/Users/57305/Documents/Anteproyecto/base de datos/MCV - Energy Supply Situation vf.pdf:pdf},
	journal = {Departamento Nacional de Planeaci{\'{o}}n},
	mendeley-groups = {tesis},
	pages = {165},
	title = {{Energy Supply Situation in}},
	year = {2017}
}
@article{ColombiaInteligente2016a,
	abstract = {La Unidad de Planeaci{\'{o}}n Minero Energ{\'{e}}tica - UPME pone a disposici{\'{o}}n del p{\'{u}}blico en general los estudios realizados en el marco de la cooperaci{\'{o}}n t{\'{e}}cnica ATN-KK-14254-CO (CO-T1337) con el Banco Interamericano de Desarrollo - BID, el Ministerio de Minas y Energ{\'{i}}a y el Ministerio de Tecnolog{\'{i}}as de la Informaci{\'{o}}n y las Comunicaciones, sobre el mapa de ruta para la implementaci{\'{o}}n de redes inteligentes en Colombia, realizados con el aporte de fondos provenientes del Fondo Coreano para Tecnolog{\'{i}}a e Innovaci{\'{o}}n.},
	author = {{Colombia Inteligente}},
	file = {:C$\backslash$:/Users/57305/Documents/Anteproyecto/base de datos/Mapa{\_}de{\_}ruta{\_}redes{\_}inteligentes.pdf:pdf},
	mendeley-groups = {tesis},
	title = {{Smart Grids Colombia Visi{\'{o}}n 2030 - Mapa de ruta para la implementaci{\'{o}}n de redes inteligentes en Colombia}},
	url = {http://www.colombiainteligente.org/index.php/noticias/noticias/22-smart-grids-colombia-vision-2030-mapa-de-ruta-para-la-implementacion-de-redes-inteligentes-en-colombia},
	year = {2016}
}
@article{IngaOrtega2012,
	abstract = {Las Redes de Comunicaci{\'{o}}n sobre Smart Grid, en conjunto con una metodolog{\'{i}}a de gesti{\'{o}}n apropiada, pueden aportar opciones que busquen ofertar servicios adicionales a los consumidores del suministro el{\'{e}}ctrico, en ese aspecto el presente documento hace referencia a la importancia del consumidor, es decir al cliente mismo del suministro el{\'{e}}ctrico, dentro de la propuesta de una Red El{\'{e}}ctrica Inteligente. Ante esto se advierte la necesidad de buscar la mayor eficiencia y fiabilidad de la red el{\'{e}}ctrica en general y existen propuestas para lograrlo, ya sea en la etapa de generaci{\'{o}}n, de transmisi{\'{o}}n o de distribuci{\'{o}}n; pero la mayor{\'{i}}a de los proyectos iniciales se concentran en la etapa de distribuci{\'{o}}n, lugar donde se generan diferentes tipos de p{\'{e}}rdidas de energ{\'{i}}a. Los proyectos iniciales se implementan tambi{\'{e}}n para disminuir el porcentaje de apagones, por lo que se ha trabajado en la automatizaci{\'{o}}n de las sub-estaciones colocando equipos de {\'{u}}ltima tecnolog{\'{i}}a como IED's - Dispositivos Electr{\'{o}}nicos Inteligentes para los sistemas de protecciones, que en conjunto con el empleo de protocolos de comunicaci{\'{o}}n, son aplicados para realizar cortes y reconexiones {\'{a}}giles y confiables del suministro el{\'{e}}ctrico. La etapa que se conoce como AMI (Infraestructura de Medida Avanzada), donde los diferentes estudios e investigaciones han centrado su inter{\'{e}}s ya sea por las entidades gubernamentales o privadas, dejan en segundo plano estudios para mejorar o dotar de servicios adicionales a la etapa final o cliente.},
	author = {{Inga Ortega}, Esteban Mauricio},
	doi = {10.17163/ings.n7.2012.05},
	file = {:C$\backslash$:/Users/57305/Documents/Anteproyecto/base de datos/84704803.pdf:pdf},
	issn = {1390-650X},
	journal = {Ingenius},
	keywords = {calidad de la energ{\'{i}}a,ciencia energ{\'{e}}tica,ci{\'{o}}n inteligente,efi-,han,medi-,red de {\'{a}}rea dom{\'{e}}stica,smart grid,smart metering},
	mendeley-groups = {tesis},
	number = {7},
	pages = {35--54},
	title = {{Redes de Comunicaci{\'{o}}n en Smart Grid}},
	year = {2012}
}
@article{ColombiaInteligente2016,
abstract = {Antecedentes y Marco Conceptual del An{\'{a}}lisis, Evaluaci{\'{o}}n y Recomendaciones para la Implementaci{\'{o}}n de Redes Inteligentes en Colombia Abril},
author = {{Colombia Inteligente}},
file = {:C$\backslash$:/Users/57305/Documents/Anteproyecto/base de datos/1{\_}Parte1{\_}Proyecto{\_}BID{\_}Smart{\_}Grids.pdf:pdf},
journal = {Smart Grids Colombia Vision 2030},
mendeley-groups = {tesis,tesis/ruta 2030},
pages = {81},
title = {{Antecedentes y Marco Conceptual del An{\'{a}}lisis, Evaluaci{\'{o}}n y Recomendaciones para la Implementaci{\'{o}}n de Redes Inteligentes en Colombia}},
year = {2016}
}

